
@misc{kuhn_33rd_2014,
	title = {33rd {Degree} 2014 - {Go} {Reactive}: {Blueprint} for {Future} {Applications} - {Roland} {Kuhn}},
	url = {https://www.youtube.com/watch?v=IGW5VcnJLuU},
	urldate = {2015-12-13},
	author = {Kuhn, Roland},
	year = {2014}
}

@misc{klang_reactive_2015,
	title = {Reactive {Revealed} 2/3: {Elasticity}, {Scalability} and {Location} {Transparency} in {Reactive} systems},
	volume = {2},
	url = {https://www.youtube.com/watch?v=ryIAibBibQI},
	language = {eng},
	urldate = {2015-12-09},
	author = {Klang, Viktor},
	year = {2015}
}

@misc{boner_reactive_2015,
	title = {Reactive {Trends} on the {JVM}},
	url = {https://dzone.com/articles/reactive-trends-on-the-jvm},
	abstract = {Check out these Reactive trends on the JVM, including a look at what Reactive is, patterns, and event logging.},
	language = {eng},
	urldate = {2016-02-17},
	journal = {DZone Java Zone},
	author = {Bonér, Jonas},
	month = oct,
	year = {2015}
}

@misc{malawski_reactive_2015,
	title = {Reactive {Revealed} 1/3: {Async} {NIO}, {Back}-pressure and {Message}-driven vs {Event}-driven},
	volume = {1},
	url = {https://www.youtube.com/watch?v=fNEZtx1VVAk},
	language = {eng},
	urldate = {2015-12-08},
	author = {Malawski, Konrad},
	year = {2015}
}

@misc{blalock_virtuous_2014,
	title = {The {Virtuous} {Developers} {Guide} to {Reactive} {Programming}},
	url = {https://www.credera.com/blog/technology-insights/open-source-technology-insights/virtuous-developers-guide-reactive-programming/},
	language = {eng},
	urldate = {2016-01-05},
	author = {Blalock, Micah},
	month = jul,
	year = {2014}
}

@misc{boner_reactive_2014,
	title = {The {Reactive} {Manifesto}},
	url = {http://www.reactivemanifesto.org},
	language = {eng},
	urldate = {2016-01-05},
	author = {Bonér, Jonas and Farley, Dave and Kuhn, Roland and Thompson, Martin},
	month = sep,
	year = {2014}
}

@book{vernon_reactive_2016,
	address = {New York},
	title = {Reactive messaging patterns with {Actor} model: application and integration patterns in {Scala} and {Akka}},
	isbn = {978-0-13-384683-6},
	shorttitle = {Reactive messaging patterns with {Actor} model},
	publisher = {Addison-Wesley},
	author = {Vernon, Vaughn},
	year = {2016},
	keywords = {Application software, Business enterprises, Computer multitasking, Data processing, Development, Java virtual machine, Mathematics, Scala (Computer program language)}
}

@incollection{harel_development_1985,
	address = {New York, NY, USA},
	title = {On the development of reactive systems},
	isbn = {0-387-15181-8},
	url = {http://dl.acm.org/citation.cfm?id=101969.101990},
	booktitle = {Logics and {Models} of {Concurrent} {Systems}},
	publisher = {Springer-Verlag New York, Inc.},
	author = {Harel, D. and Pnueli, A.},
	editor = {Apt, Krzysztof R.},
	year = {1985},
	pages = {477--498}
}

@misc{boner_reactive_2015-1,
	title = {Reactive {Revealed} 3/3: {Resiliency}, {Failures} vs {Errors}, {Isolation}, {Delegation} and {Replication}},
	volume = {3},
	url = {https://www.youtube.com/watch?v=JvbUF33sKf8},
	language = {eng},
	urldate = {2015-12-10},
	author = {Bonér, Jonas},
	year = {2015}
}

@book{butcher_seven_2014,
	address = {Dallas, Texas},
	series = {The pragmatic programmers},
	title = {Seven concurrency models in seven weeks: when threads unravel},
	isbn = {978-1-937785-65-9},
	shorttitle = {Seven concurrency models in seven weeks},
	publisher = {Pragmatic Bookshelf},
	author = {Butcher, Paul},
	year = {2014},
	keywords = {Computer multitasking, Parallel programming (Computer science)}
}

@book{kuhn_reactive_2015,
	title = {Reactive design patterns},
	isbn = {978-1-61729-180-7},
	language = {eng},
	publisher = {O'Reilly Media},
	author = {Kuhn, Roland},
	year = {2015}
}

@misc{wieringa_design_2003,
	title = {Design {Methods} for {Reactive} {Systems} ({Slides})},
	url = {http://booksite.elsevier.com/9781558607552/slides/slides.pdf},
	language = {eng},
	urldate = {2016-01-08},
	author = {Wieringa, Roel},
	year = {2003}
}

@misc{wampler_react_2014,
	title = {React 2014 : {Dean} {Wampler} - {Reactive} {Design} \& {Language} {Paradigms}},
	url = {https://www.youtube.com/watch?v=4L3cYhfSUZs},
	urldate = {2015-12-05},
	author = {Wampler, Dean},
	year = {2014}
}

@book{carkci_dataflow_2014,
	title = {Dataflow and reactive programming systems: a practical guide},
	isbn = {978-1-4974-2244-5},
	shorttitle = {Dataflow and reactive programming systems},
	language = {eng},
	publisher = {CreateSpace Independent Publishing Platform},
	author = {Carkci, Matt},
	year = {2014}
}